<?xml version="1.0" encoding="UTF-8"?><record xmlns="http://www.loc.gov/MARC21/slim" xmlns:cinclude="http://apache.org/cocoon/include/1.0" xmlns:zs="http://www.loc.gov/zing/srw/">
  <leader>00408nz  a2200133n  4500</leader>
  <controlfield tag="001">no2011105128</controlfield>
  <controlfield tag="003">DLC</controlfield>
  <controlfield tag="005">20110712103235.0</controlfield>
  <controlfield tag="008">110708n| acannaabn          |n ana     c</controlfield>
  <datafield tag="010" ind1=" " ind2=" ">
    <subfield code="a">no2011105128</subfield>
  </datafield>
  <datafield tag="035" ind1=" " ind2=" ">
    <subfield code="a">(OCoLC)oca08909011</subfield>
  </datafield>
  <datafield tag="040" ind1=" " ind2=" ">
    <subfield code="a">NN</subfield>
    <subfield code="b">eng</subfield>
    <subfield code="c">NN</subfield>
  </datafield>
  <datafield tag="110" ind1="2" ind2=" ">
    <subfield code="a">Temple Israel (Lawrence, N.Y.).</subfield>
    <subfield code="b">Sisterhood</subfield>
  </datafield>
  <datafield tag="670" ind1=" " ind2=" ">
    <subfield code="a">The gour-maven, 1972:</subfield>
    <subfield code="b">t.p. (Sisterhood of Temple Israel, Lawrence, Long Island, New York)</subfield>
  </datafield>
</record>